<?xml version="1.0" encoding="UTF-8"?><collection xmlns="http://www.loc.gov/MARC21/slim"><record><leader>00426nam--2200157-i-4500</leader><controlfield tag="001">000002971</controlfield><controlfield tag="002">20161230</controlfield><controlfield tag="005">20170206235741</controlfield><controlfield tag="008">060222s1000------------r-----000-0-eng-d</controlfield><datafield ind1=" " ind2=" " tag="100"><subfield code="a">Diets, David</subfield></datafield><datafield ind1=" " ind2=" " tag="245"><subfield code="a">Civilisation de l atome. Trad.et adapte de l americain par m.texier</subfield></datafield><datafield ind1=" " ind2=" " tag="260"><subfield code="a">Tours</subfield><subfield code="b">Mame</subfield><subfield code="c">1955</subfield></datafield><datafield ind1=" " ind2=" " tag="300"><subfield code="a">242 p.+14 Pl</subfield></datafield><datafield ind1=" " ind2=" " tag="490"><subfield code="a">Coolection Decouvertes</subfield></datafield><datafield ind1=" " ind2=" " tag="852"><subfield code="a">621.039</subfield></datafield><datafield ind1=" " ind2=" " tag="CAT"><subfield code="a">SYS</subfield><subfield code="c">20170206</subfield><subfield code="h">235741</subfield></datafield></record></collection>